<record><leader>00000cas a22000007a 4500</leader><controlfield tag="001">13212053</controlfield><controlfield tag="008">860228d187u1880gauwr ne      0    0eng d</controlfield><datafield ind1=" " ind2=" " tag="010"><subfield code="a">sn 86053152 </subfield></datafield><datafield ind1=" " ind2=" " tag="040"><subfield code="a">NPX</subfield><subfield code="b">eng</subfield><subfield code="c">NPX</subfield><subfield code="d">NLG</subfield><subfield code="d">OCLCQ</subfield></datafield><datafield ind1=" " ind2=" " tag="042"><subfield code="a">msc</subfield></datafield><datafield ind1="0" ind2="4" tag="245"><subfield code="a">The Waynesboro expositor.</subfield></datafield><datafield ind1=" " ind2=" " tag="260"><subfield code="a">Waynesboro, Ga. :</subfield><subfield code="b">W.A. Wilkins</subfield></datafield><datafield ind1=" " ind2=" " tag="300"><subfield code="a">v.</subfield></datafield><datafield ind1=" " ind2=" " tag="310"><subfield code="a">Weekly</subfield></datafield><datafield ind1="1" ind2=" " tag="362"><subfield code="a">Ceased in 1880?</subfield><subfield code="z">Cf. Gregory, W. Amer. newspapers.</subfield></datafield><datafield ind1=" " ind2=" " tag="580"><subfield code="a">Merged with: Waynesboro herald, to form: Herald and expositor. Cf. Avery, I.W. Hist. of the state of Ga., 1881.</subfield></datafield><datafield ind1=" " ind2=" " tag="588"><subfield code="a">Description based on: Vol. 6, no. 48 (Aug. 10, 1876).</subfield></datafield><datafield ind1=" " ind2=" " tag="752"><subfield code="a">United States</subfield><subfield code="b">Georgia</subfield><subfield code="c">Burke</subfield><subfield code="d">Waynesboro.</subfield></datafield><datafield ind1="0" ind2="0" tag="780"><subfield code="t">Expositor (Waynesboro, Ga. : 1870)</subfield><subfield code="w">(DLC)sn 85034213</subfield></datafield><datafield ind1="1" ind2="7" tag="785"><subfield code="t">Waynesboro herald</subfield></datafield><datafield ind1="1" ind2="7" tag="785"><subfield code="t">Herald and expositor</subfield></datafield><datafield ind1="1" ind2=" " tag="029"><subfield code="a">AU@</subfield><subfield code="b">000025787104</subfield></datafield></record>